@article{opencv_library,
  author = {Bradski, G.},
  citeulike-article-id = {2236121},
  journal = {Dr. Dobb's Journal of Software Tools},
  keywords = {bibtex-import},
  posted-at = {2008-01-15 19:21:54},
  priority = {4},
  title = {{The OpenCV Library}},
  year = {2000}
}

@inproceedings{Carlone2017,
author = {Carlone, Luca and Karaman, Sertac},
booktitle = {IEEE International Conference on Robotics and Automation (ICRA)},
doi = {10.1109/ICRA.2017.7989448},
isbn = {978-1-5090-4633-1},
issn = {10504729},
month = may,
pages = {3886--3893},
title = {{Attention and Anticipation in Fast Visual-Inertial Navigation}},
url = {http://ieeexplore.ieee.org/document/7989448/},
year = {2017},
address = {Singapore}
}
